% Encoding: UTF-8

@Article{,
  author  = {Miguel Diaz Rodriguez},
  title   = {Aplicacion de los Robots Paralelos},
  journal = {Hal},
  year    = {2018},
}

@Comment{jabref-meta: databaseType:bibtex;}
