@article{velazquezmodelo,
  title={Modelo dinamico de un robot b{\i}pedo planar de 9 grados de libertad en fase de vuelo y fases de contacto},
  author={Vel{\'a}zquez, Jos{\'e} G Romero and D{\i}az, Ernesto Olgu{\i}n and D{\i}az, Am{\'e}rica Morales}
}
@article{de2017ingenieria,
  title={INGENIER{\'I}A MECATR{\'O}NICA EN COMPETENCIAS PROFESIONALES},
  author={DE ROBOTS, ASIGNATURA DE CINEMATICA},
  year={2017}
}